@inproceedings{abadi2016tensorflow,
  author = {Martin Abadi},
  title = {{TensorFlow: learning functions at scale}},
  booktitle = {Proceedings of the 21st ACM SIGPLAN International Conference on Functional Programming},
  pages = {1--1},
  year = {2016}
}

@article{acharya2019pricing,
  author = {Viral V. Acharya and Sanjiv Ranjan Das and Rangarajan K. Sundaram},
  title = {{Pricing Credit Derivatives with Rating Transitions}},
  journal = {Financial Analysts Journal},
  volume = {58},
  number = {3},
  pages = {28--44},
  year = {2019}
}

@article{ackerer2018jacobi,
  author = {Damien Ackerer and Damir Filipović and Sergio Pulido},
  title = {{The Jacobi stochastic volatility model}},
  journal = {Finance and Stochastics},
  volume = {22},
  pages = {667--700},
  year = {2018}
}

@book{applebaum2009levy,
  author = {David Applebaum},
  title = {{Lévy processes and stochastic calculus}},
  publisher = {Cambridge University Press},
  year = {2009}
}

@article{aristidou2018meta,
  author = {Chrystalleni Aristidou},
  title = {{The meta-Phillips Curve: Modelling US inflation in the presence of regime change}},
  journal = {Journal of Macroeconomics},
  volume = {57},
  pages = {367--379},
  year = {2018}
}

@article{asanga2014portfolio,
  author = {Sujith Asanga and others},
  title = {{Portfolio optimization under solvency constraints: a dynamical approach}},
  journal = {North American Actuarial Journal},
  volume = {18},
  number = {3},
  pages = {394--416},
  year = {2014}
}

@article{ballotta2016multivariate,
  author = {Laura Ballotta and Efrem Bonfiglioli},
  title = {{Multivariate asset models using Lévy processes and applications}},
  journal = {The European Journal of Finance},
  volume = {22},
  number = {13},
  pages = {1320--1350},
  year = {2016}
}

@article{ballotta2015counterparty,
  author = {Laura Ballotta and Gianluca Fusai},
  title = {{Counterparty credit risk in a multivariate structural model with jumps}},
  journal = {Finance},
  volume = {36},
  number = {1},
  pages = {39--74},
  year = {2015}
}

@article{barles2008second,
  author = {Guy Barles and Cyril Imbert},
  title = {{Second-order elliptic integro-differential equations: viscosity solutions' theory revisited}},
  journal = {Annales de l'IHP Analyse non linéaire},
  volume = {25},
  number = {3},
  pages = {567--585},
  year = {2008}
}

@incollection{barndorff2001modelling,
  author = {Ole E. Barndorff-Nielsen and Neil Shephard},
  title = {{Modelling by Lévy processess for financial econometrics}},
  booktitle = {Lévy processes},
  pages = {283--318},
  year = {2001}
}

@article{barndorff2001non,
  author = {Ole E. Barndorff-Nielsen and Neil Shephard},
  title = {{Non-Gaussian Ornstein--Uhlenbeck-based models and some of their uses in financial economics}},
  journal = {Journal of the Royal Statistical Society: Series B (Statistical Methodology)},
  volume = {63},
  number = {2},
  pages = {167--241},
  year = {2001}
}

@article{barr1977eigenvector,
  author = {DR Barr and MU Thomas},
  title = {{An eigenvector condition for Markov chain lumpability}},
  journal = {Operations Research},
  volume = {25},
  number = {6},
  pages = {1028--1031},
  year = {1977}
}

@article{bates1996jumps,
  author = {David S. Bates},
  title = {{Jumps and stochastic volatility: Exchange rate processes implicit in deutsche mark options}},
  journal = {The Review of Financial Studies},
  volume = {9},
  number = {1},
  pages = {69--107},
  year = {1996}
}

@article{beck2021solving,
  author = {Christian Beck and others},
  title = {{Solving the Kolmogorov PDE by means of deep learning}},
  journal = {Journal of Scientific Computing},
  volume = {88},
  pages = {1--28},
  year = {2021}
}

@article{belkina2016viscosity,
  author = {T Belkina and Yu Kabanov},
  title = {{Viscosity solutions of integro-differential equations for nonruin probabilities}},
  journal = {Theory of Probability \& Its Applications},
  volume = {60},
  number = {4},
  pages = {671--679},
  year = {2016}
}

@article{cont2005finite,
  author = {Rama Cont and Ekaterina Voltchkova},
  title = {{A finite difference scheme for option pricing in jump diffusion and exponential Lévy models}},
  journal = {SIAM Journal on Numerical Analysis},
  volume = {43},
  number = {4},
  pages = {1596--1626},
  year = {2005}
}

@article{cont2005integro,
  author = {Rama Cont and Ekaterina Voltchkova},
  title = {{Integro-differential equations for option prices in exponential Lévy models}},
  journal = {Finance and Stochastics},
  volume = {9},
  number = {3},
  pages = {299--325},
  year = {2005}
}

@article{crandall1983viscosity,
  author = {Michael G. Crandall and Pierre-Louis Lions},
  title = {{Viscosity solutions of Hamilton-Jacobi equations}},
  journal = {Transactions of the American mathematical society},
  volume = {277},
  number = {1},
  pages = {1--42},
  year = {1983}
}

@article{cuomo2022scientific,
  author = {Salvatore Cuomo and others},
  title = {{Scientific machine learning through physics--informed neural networks: where we are and what's next}},
  journal = {Journal of Scientific Computing},
  volume = {92},
  number = {3},
  pages = {88},
  year = {2022}
}

@inproceedings{frey2022deep,
  author = {Rüdiger Frey and Verena Köck},
  title = {{Deep neural network algorithms for parabolic PIDEs and applications in insurance mathematics}},
  booktitle = {Mathematical and Statistical Methods for Actuarial Sciences and Finance: MAF 2022},
  publisher = {Springer},
  pages = {272--277},
  year = {2022}
}

@phdthesis{georgiou2023thesis,
  author = {K Georgiou},
  title = {{Discrete, continuous and machine learning models with applications in credit risk}},
  school = {Athens University of Economics and Business},
  year = {2023}
}

@article{georgiou2021markov,
  author = {K Georgiou and others},
  title = {{Markov chain lumpability and applications to credit risk modelling in compliance with the International Financial Reporting Standard 9 framework}},
  journal = {European Journal of Operational Research},
  volume = {292},
  number = {3},
  pages = {1146--1164},
  year = {2021}
}

@book{goodfellow2016deep,
  author = {Ian Goodfellow and Yoshua Bengio and Aaron Courville},
  title = {{Deep Learning}},
  publisher = {MIT Press},
  year = {2016}
}

@article{hornik1989multilayer,
  author = {Kurt Hornik and Maxwell Stinchcombe and Halbert White},
  title = {{Multilayer feedforward networks are universal approximators}},
  journal = {Neural networks},
  volume = {2},
  number = {5},
  pages = {359--366},
  year = {1989}
}

@article{kingma2014adam,
  author = {Diederik P. Kingma and Jimmy Ba},
  title = {{Adam: A method for stochastic optimization}},
  journal = {arXiv preprint arXiv:1412.6980},
  year = {2014}
}

@book{kyprianou2006introductory,
  author = {Andreas E. Kyprianou},
  title = {{Introductory lectures on fluctuations of Lévy processes with applications}},
  publisher = {Springer Science \& Business Media},
  year = {2006}
}

@article{pang2019fpinns,
  author = {Guofei Pang and Lu Lu and George Em Karniadakis},
  title = {{fPINNs: Fractional physics-informed neural networks}},
  journal = {SIAM Journal on Scientific Computing},
  volume = {41},
  number = {4},
  pages = {A2603--A2626},
  year = {2019}
}

@article{raissi2019physics,
  author = {Maziar Raissi and Paris Perdikaris and George E. Karniadakis},
  title = {{Physics-informed neural networks: A deep learning framework for solving forward and inverse problems involving nonlinear partial differential equations}},
  journal = {Journal of Computational physics},
  volume = {378},
  pages = {686--707},
  year = {2019}
}

@article{rumelhart1986learning,
  author = {David E. Rumelhart and Geoffrey E. Hinton and Ronald J. Williams},
  title = {{Learning representations by back-propagating errors}},
  journal = {Nature},
  volume = {323},
  number = {6088},
  pages = {533--536},
  year = {1986}
}

@book{schoutens2010levy,
  author = {Wim Schoutens and Jessica Cariboni},
  title = {{Lévy processes in credit risk}},
  volume = {519},
  publisher = {John Wiley \& Sons},
  year = {2010}
}

@article{zhou1997jump,
  author = {Chunsheng Zhou},
  title = {{A jump-diffusion approach to modeling credit risk and valuing defaultable securities}},
  journal = {Available at SSRN 39800},
  year = {1997}
}

@article{wang2025simulating,
  title={Simulating Three-dimensional Turbulence with Physics-informed Neural Networks},
  author={Wang, Sifan and Sankaran, Shyam and Stinis, Panos and Perdikaris, Paris},
  journal={arXiv preprint arXiv:2507.08972},
  year={2025}
}

@article{hamadene2016viscosity,
  author = {Said Hamadène and Marie-Amelie Morlais},
  title = {{Viscosity solutions for second order integro-differential equations without monotonicity condition: the probabilistic approach}},
  journal = {Stochastics},
  volume = {88},
  number = {4},
  pages = {632--649},
  year = {2016}
}

@book{revuz1999continuous,
  author = {Daniel Revuz and Marc Yor},
  title = {{Continuous martingales and Brownian motion}},
  publisher = {Springer-Verlag},
  edition = {3rd},
  year = {1999}
}

@book{karatzas1991brownian,
  author = {Ioannis Karatzas and Steven E. Shreve},
  title = {{Brownian motion and stochastic calculus}},
  publisher = {Springer-Verlag},
  edition = {2nd},
  year = {1991}
}

@book{protter2004stochastic,
  author = {Philip E. Protter},
  title = {{Stochastic integration and differential equations}},
  publisher = {Springer-Verlag},
  edition = {2nd},
  year = {2004}
}

@book{ikeda1989stochastic,
  author = {Nobuyuki Ikeda and Shinzo Watanabe},
  title = {{Stochastic differential equations and diffusion processes}},
  publisher = {North-Holland},
  edition = {2nd},
  year = {1989}
}

@book{sato1999levy,
  author = {Ken-iti Sato},
  title = {{Lévy processes and infinitely divisible distributions}},
  publisher = {Cambridge University Press},
  year = {1999}
}

@article{merton1974pricing,
  author = {Robert C. Merton},
  title = {{On the pricing of corporate debt: The risk structure of interest rates}},
  journal = {Journal of Finance},
  volume = {29},
  number = {2},
  pages = {449--470},
  year = {1974}
}

@article{merton1976option,
  author = {Robert C. Merton},
  title = {{Option pricing when underlying stock returns are discontinuous}},
  journal = {Journal of Financial Economics},
  volume = {3},
  number = {1-2},
  pages = {125--144},
  year = {1976}
}

@article{blackscholes1973pricing,
  author = {Fischer Black and Myron Scholes},
  title = {{The pricing of options and corporate liabilities}},
  journal = {Journal of Political Economy},
  volume = {81},
  number = {3},
  pages = {637--654},
  year = {1973}
}